@ARTICLE{bowman:reasoning,
	AUTHOR = "Mic Bowman and Saumya K. Debray and Larry L. Peterson",
	TITLE = "Reasoning About Naming Systems",
	JOURNAL = "ACM Trans. Program. Lang. Syst.",
	VOLUME = {15},
	NUMBER = {5},
	PAGES = {795-825},
	MONTH = "November",
	YEAR = {1993}	}

@ARTICLE{braams:babel,
	AUTHOR = "Johannes Braams",
	TITLE = "Babel, a Multilingual Style-Option System for Use with LaTeX's Standard Document Styles",
	JOURNAL = {TUGboat},
	VOLUME = {12},
	NUMBER = {2},
	PAGES = {291-301},
	MONTH = "June",
	YEAR = {1991}	}

@INPROCEEDINGS{clark:pct,
	AUTHOR = "Malcolm Clark",
	TITLE = "Post Congress Tristesse",
	BOOKTITLE = "TeX90 Conference Proceedings",
	PAGES = "84-89",
	ORGANIZATION = "TeX Users Group",
	MONTH = "March", 
	YEAR = {1991}	}

@ARTICLE{herlihy:methodology,
	AUTHOR = "Maurice Herlihy",
	TITLE = "A Methodology for Implementing Highly Concurrent
	Data Objects",
	JOURNAL = {ACM Trans. Program. Lang. Syst.},
	VOLUME = {15},
	NUMBER = {5},
	PAGES = {745-770},
	MONTH = "November",
	YEAR = {1993}	}

@BOOK{ArpackUserGuide,
  AUTHOR={R.~B. Lehoucq and D.~C. Sorenson and C. Yang},
  TITLE="ARPACK Users' Guide: Solution of Large-Scale Eigenvalue Problems with Implicitly Restarted Arnoldi Methods",
  PUBLISHER="SIAM",
  YEAR="1998",
  SERIES="Software, Environments, and Tools"
}
@BOOK{Lamport:LaTeX,
	AUTHOR = "Leslie Lamport",
	TITLE = "LaTeX User's Guide and Document Reference Manual",
	PUBLISHER = "Addison-Wesley Publishing Company",
	ADDRESS = "Reading, Massachusetts",
	YEAR = "1986"	}

@BOOK{salas:calculus,
	AUTHOR = "S.L. Salas and Einar Hille",
	TITLE = "Calculus: One and Several Variable",
	PUBLISHER = "John Wiley and Sons",
	ADDRESS = "New York",
	YEAR = "1978"	}



@inproceedings{patwary15_long,
author = {Md. Mostofa Ali Patwary and Nadathur Rajagopalan Satish and Narayanan Sundaram and Michael J Anderson and Satya Gautam Vadlamudi and  Dipankar Das and  Pradeep Dubey}, 
title = {{Parallel Efficient Sparse Matrix-Matrix Multiplication on Multicore Platforms}},
booktitle = {International SuperComputing Conference},
pages = {48--57},
year={2015}
}

@inproceedings{patwary15,
author = {Md. Mostofa Ali Patwary and others},
title = {{Parallel Efficient Sparse Matrix-Matrix Multiplication on Multicore Platforms}},
booktitle = {ISC},
pages = {48--57},
year={2015}
}



@inproceedings{ballard13_long,
author    = {Grey Ballard and Aydin Bulu{\c{c}} and James Demmel and Laura Grigori and Benjamin Lipshitz and Oded Schwartz and Sivan Toledo},
title     = {Communication optimal parallel multiplication of sparse random matrices}, 
booktitle = {25th {ACM} Symposium on Parallelism in Algorithms and Architectures, {SPAA}},
pages     = {222--231},
year      = {2013}
}

@inproceedings{ballard13,
author    = {Grey Ballard and Aydin Bulu{\c{c}} and others},
title     = {Communication optimal parallel multiplication of sparse random matrices}, 
booktitle = {SPAA},
year      = {2013}
}


@misc{intel1,
 title = {{Intel Intrinsics Guide}},
 key = {intel},
 howpublished =
 {software.intel.com/sites/landingpage/IntrinsicsGuide/},
 year={2008}
}


@article{intel2,
author    = {Intel},
title     = {{Intel Advanced Vector Extensions Programming Reference}},
journal   = {White paper},
month     = {June},
year      = {2011}
}

@BOOK{Mah-mat-rev_BOOK,
  author =       {M.~W.~Mahoney},
  title =        {Randomized algorithms for matrices and data},
  publisher =    {NOW Publishers},
  year =         {2011},
  address =      {Boston},
  series =       {Foundations and Trends in Machine Learning},
}

@article{DMM08,
  author = {Drineas, P. and Mahoney, M. W. and Muthukrishnan, S.},
  journal = {SIAM J. Matrix Analysis Applications},
  number = 2,
  pages = {844-881},
  title = {Relative-Error {CUR} Matrix Decompositions.},
  volume = 30,
  year = 2008
}

@ARTICLE{CUR_PNAS,
  author =       {M.~W.~Mahoney and P.~Drineas},
  title =        {{CUR} Matrix Decompositions for Improved Data Analysis},
  journal =      {Proc. Natl. Acad. Sci. USA},
  year =         {2009},
  volume =       {106},
  number =       {},
  pages =        {697--702},
}

@ARTICLE{Paschou07b,
  author =       {P.~Paschou and E.~Ziv and E.~G.~Burchard and S.~Choudhry and W.~Rodriguez-Cintron and M.~W.~Mahoney and P.~Drineas},
  title =        {{PCA}-Correlated {SNP}s for Structure Identification in Worldwide Human Populations},
  journal =      {PLoS Genetics},
  year =         {2007},
  volume =       {3},
  number =       {},
  pages =        {1672--1686},
}

@ARTICLE{Yip14-AJ,
   author  = {C.-W.~Yip and M.~W.~Mahoney and A.~S.~Szalay and I.~Csabai and T.~Budavari and R.~F.~G.~Wyse and L.~Dobos},
   title   = {Objective Identification of Informative Wavelength Regions in Galaxy Spectra},
   journal = {The Astronomical Journal},
   year    = {2014},
   volume  = {147},
   number  = {110},
   pages   = {15pp},
}

@ARTICLE{DMMW12_JMLR_long,
  author =       {P. Drineas and M. Magdon-Ismail and M. W. Mahoney and D. P. Woodruff},
  title =        {Fast approximation of matrix coherence and statistical leverage},
  journal =      {Journal of Machine Learning Research},
  year =         {2012},
  volume =       {13},
  number =       {},
  pages =        {3475--3506},
}

@ARTICLE{DMMW12_JMLR,
  author =       {P. Drineas and M. Magdon-Ismail and M. W. Mahoney and D. P. Woodruff},
  title =        {Fast approximation of matrix coherence and statistical leverage},
  journal =      {Journal of Machine Learning Research},
  year =         {2012},
  volume =       {13},
  number =       {},
}

@ARTICLE{YRPMB15,
  author =       {J. Yang and O. R{\"u}bel and Prabhat and M. W. Mahoney and B. P. Bowen},
  title =        {Identifying important ions and positions in mass spectrometry imaging data using {CUR} matrix decompositions},
  journal =      {Analytical Chemistry},
  year =         {2015},
  volume =       {87},
  number =       {9},
  pages =        {4658--4666},
}

@ARTICLE{HMT09_SIREV_long,
  author =       {N.~Halko and P.-G.~Martinsson and J.~A.~Tropp},
  title =        {Finding structure with randomness: Probabilistic algorithms for constructing approximate matrix decompositions},
  journal =      {SIAM Review},
  year =         {2011},
  volume =       {53},
  number =       {2},
  pages =        {217--288},
}

@ARTICLE{HMT09_SIREV,
  author =       {N.~Halko and P.-G.~Martinsson and J.~A.~Tropp},
  title =        {Finding structure with randomness: Probabilistic algorithms for constructing approximate matrix decompositions},
  journal =      {SIAM Review},
  year =         {2011},
  volume =       {53},
  number =       {2},
}

@ARTICLE{YMM15_TR,
  author =       {J. Yang and X. Meng and M. W. Mahoney},
  title =        {Implementing Randomized Matrix Algorithms in Parallel and Distributed Environments},
  journal =      {Proceedings of the IEEE},
  volume =       {104},
  number =       {1},
  pages =        {58--92},
  year =         {2016},
  publisher =    {IEEE}
}

@ARTICLE{OpenMIS13,
  author =       {O. R{\"u}bel and A. Greiner and S. Cholia and K. Louie and E. W. Bethel and T. R. Northen and B. P. Bowen},
  title =        {{OpenMSI}: A High-Performance Web-Based Platform for Mass Spectrometry Imaging},
  journal =      {Analytical Chemistry},
  year =         {2013},
  volume =       {85},
  number =       {21},
  pages =        {10354--10361},
}

@ARTICLE{BJHS11_long,
   author  = {G. Ballard and J. Demmel and O. Holtz and O. Schwartz},
   title   = {Minimizing Communication in Numerical Linear Algebra},
   journal = {SIAM Journal on Matrix Analysis and Applications},
   year    = {2011},
   volume  = {32},
   number  = {3},
   pages   = {866--901},
}

@ARTICLE{BJHS11,
   author  = {G. Ballard and J. Demmel and O. Holtz and O. Schwartz},
   title   = {Minimizing Communication in Numerical Linear Algebra},
   journal = {SIAM Journal on Matrix Analysis and Applications},
   year    = {2011},
   volume  = {32},
   number  = {3},
}

@BOOK{Skillicorn07_long,
  AUTHOR =       {D.B.~Skillicorn},
  TITLE =        {Understanding complex datasets: data mining with matrix decompositions},
  publisher =    {Chapman \& Hall/CRC Press},
  year =         {2007},
  address =      {Boca Raton, FL},
  series =       {},
}

@BOOK{Skillicorn07,
  AUTHOR =       {D.B.~Skillicorn},
  TITLE =        {Understanding complex datasets: data mining with matrix decompositions},
  publisher =    {Hall/CRC Press},
  year =         {2007},
  address =      {Boca Raton, FL},
  series =       {},
}

@BOOK{templates,
  author =       {R. Barrett and M. Berry and T. F. Chan and J. Demmel and J. Donato and J. Dongarra and V. Eijkhout and R. Pozo and C. Romine and H. Van der Vorst},
  title =        {Templates for the Solution of Linear Systems: Building Blocks for Iterative Methods, 2nd Edition},
  publisher =    {SIAM},
  year =         {1994},
  address =      {Philadelphia},
  series =       {},
}

@ARTICLE{DG08_CACM,
  author =       {J.~Dean and S.~Ghemawat},
  title =        {{MapReduce}: simplified data processing on large clusters},
  journal =      {Communications of the ACM},
  year =         {2008},
  volume =       {51},
  number =       {1},
  pages =        {107--113},
}

@INPROCEEDINGS{SPARK_NSDI_12_long,
  author =       {M.~Zaharia and M.~Chowdhury and T.~Das and A.~Dave and J.~Ma and M.~McCauley and M.~J.~Franklin and S.~Shenker and I.~Stoica},
  title =        {Resilient distributed datasets: a fault-tolerant abstraction for in-memory cluster computing},
  booktitle =    {Proceedings of the 9th USENIX conference on Networked Systems Design and Implementation},
  year =         {2012},
  pages =        {},
}

@INPROCEEDINGS{SPARK_NSDI_12,
  author =       {M.~Zaharia and M.~Chowdhury and others},
  title =        {Resilient distributed datasets: a fault-tolerant abstraction for in-memory cluster computing},
  booktitle =    {Proceedings of the 9th USENIX conference on Networked Systems Design and Implementation},
  year =         {2012},
  pages =        {},
}

@book{pcaBook,
  author = {Jolliffe, I.T.},
  publisher = {Springer Verlag},
  title = {Principal Component  Analysis},
  year = 1986
}

@INPROCEEDINGS{NMFalg,
    author = {D.D. Lee and H.S. Seung},
    title = {Algorithms for Non-negative Matrix Factorization},
    booktitle = {NIPS},
    year = {2001}
}

@ARTICLE{GE96,
  author =       {M.~Gu AND S.~C.~Eisenstat},
  title =        {Efficient algorithms for computing a strong rank-revealing {QR} factorization},
  journal =      {SIAM J. Sci. Comput.},
  year =         {1996},
  volume =       {17},
  number =       {4},
  pages =        {848--869},
}

@BOOK{GVL96,
  author =       {G.~H.~Golub and C.~F.~Van~Loan},
  title =        {Matrix Computations},
  publisher =    {Johns Hopkins University Press},
  year =         {1996},
  address =      {Baltimore},
  series =       {},
}


@incollection{choi1996scalapack,
  title={ScaLAPACK: A portable linear algebra library for distributed memory computers—Design issues and performance},
  author={Choi, Jaeyoung and Demmel, James and Dhillon, Inderjiit and Dongarra, Jack and Ostrouchov, Susan and Petitet, Antoine and Stanley, Ken and Walker, David and Whaley, R Clinton},
  booktitle={Applied Parallel Computing Computations in Physics, Chemistry and Engineering Science},
  pages={95--106},
  year={1996},
  publisher={Springer}
}

@article{OpenMSI,
  author = {R\"ubel, Oliver and Greiner, Annette and Cholia, Shreyas and Louie, Katherine and Bethel, E. Wes and Northen, Trent R. and Bowen, Benjamin P.},
  title = {{OpenMSI}: A High-Performance Web-Based Platform for Mass Spectrometry Imaging},
  journal = {Analytical Chemistry},
  volume = {85},
  number = {21},
  pages = {10354-10361},
  year = {2013},
  doi = {10.1021/ac402540a},
  URL = {\url{http://pubs.acs.org/doi/abs/10.1021/ac402540a}},
  eprint = {\url{http://pubs.acs.org/doi/pdf/10.1021/ac402540a}},
}

@article{alverson2012cray,
  title={Cray {XC} series network},
  author={Alverson, Bob and Froese, Edwin and Kaplan, Larry and Roweth, Duncan},
  journal={Cray Inc. White Paper WP-Aries01-1112},
  year = {2012}
}

@inproceedings{craycascadesc12_long,
 author = {Faanes, Greg and Bataineh, Abdulla and Roweth, Duncan and Court, Tom and Froese, Edwin and Alverson, Bob and Johnson, Tim and Kopnick, Joe and Higgins, Mike and Reinhard, James},
 title = {{C}ray {C}ascade: A Scalable {HPC} System Based on a {D}ragonfly Network},
 booktitle = {Proceedings of the International Conference on High Performance Computing, Networking, Storage and Analysis},
 series = {SC '12},
 year = {2012},
 isbn = {978-1-4673-0804-5},
 location = {Salt Lake City, Utah},
 pages = {103:1--103:9},
 articleno = {103},
 numpages = {9},
 url = {http://dl.acm.org/citation.cfm?id=2388996.2389136},
 acmid = {2389136},
 publisher = {IEEE Computer Society Press},
 address = {Los Alamitos, CA, USA},
 keywords = {interconnect technologies, parallel and scalable system architectures, performance evaluation and measurement of real systems},
} 



@inproceedings{craycascadesc12,
 author = {Faanes, Greg and Bataineh, Abdulla and Roweth, Duncan and Court, Tom and Froese, Edwin and Alverson, Bob and Johnson, Tim and Kopnick, Joe and Higgins, Mike and Reinhard, James},
 title = {{C}ray {C}ascade: A Scalable {HPC} System Based on a {D}ragonfly Network},
 series = {SC '12},
 year = {2012},
 pages = {103:1--103:9},
} 

@article{MRT06,
author    = {Per-Gunnar Martinsson and Vladimir Rohklin and Mark Tygert},
title     = {{A Randomized Algorithm for the Approximation of Matrices}},
journal   = {Technical Report},
year      = {2006}
}

@article{MRT11,
author    = {Per-Gunnar Martinsson and Vladimir Rohklin and Mark Tygert},
title     = {A randomized algorithm for the decomposition of matrices},
journal   = {Appl. Comput. Harmon. Anal.},
volume    = 30,
pages     = {47--68},
year      = {2011}
}
